6280 5168
627 626 1886 185 Non amet dolore neque ipsum numquam.
627 832 1886 185 Ut neque quisquam adipisci.
627 1038 1886 185 Eius labore sit est.
627 1244 1886 185 Voluptatem neque neque magnam dolor dolore.
627 1450 1886 185 Dolorem tempora neque ut dolor voluptatem.
627 1656 1886 185 Non eius sed quiquia eius.
627 1862 1886 185 Ipsum neque sed aliquam eius adipisci est.
627 2068 1886 185 Dolore sed ut quisquam dolore eius numquam.
627 2274 1886 185 Modi est velit sit sed ipsum velit dolor.
627 2480 1886 185 Porro tempora non quiquia aliquam aliquam eius.
627 2686 1886 185 Velit labore dolor dolorem eius adipisci sit amet.
627 2892 1886 185 Porro quisquam non etincidunt quisquam dolorem ipsum.
627 3098 1886 185 Ipsum dolor eius dolor amet labore quisquam.
627 3304 1886 185 Neque aliquam sit ut adipisci labore quiquia ut.
627 3510 1886 185 Eius neque quaerat quisquam etincidunt dolorem quaerat.
627 3716 1886 185 Labore dolore neque non numquam amet quisquam dolor.
627 3922 1886 185 Quisquam dolorem dolorem ipsum adipisci dolorem quisquam.
627 4128 1886 185 Magnam magnam tempora dolorem adipisci amet tempora quisquam.
627 4334 1886 185 Sed dolore eius aliquam non.
3767 626 1886 185 Quisquam ut magnam sit dolore voluptatem.
3767 832 1886 185 Non adipisci quiquia sit.
3767 1038 1886 185 Eius dolorem ut eius neque adipisci.
3767 1244 1886 185 Quaerat sed quiquia eius consectetur modi consectetur.
3767 1450 1886 185 Sed amet dolor neque quaerat porro.
3767 1656 1886 185 Ut quiquia etincidunt consectetur eius eius.
3767 1862 1886 185 Etincidunt adipisci velit amet sit tempora sit est.
3767 2068 1886 185 Modi non aliquam amet velit ut aliquam voluptatem.
3767 2274 1886 185 Dolorem numquam voluptatem sit numquam sit tempora.
3767 2480 1886 185 Quisquam sit etincidunt est amet neque adipisci amet.
3767 2686 1886 185 Modi sed tempora velit sed neque.
3767 2892 1886 185 Quiquia quiquia etincidunt porro tempora porro ipsum non.
3767 3098 1886 185 Neque magnam eius sit magnam.
3767 3304 1886 185 Tempora adipisci tempora numquam consectetur neque sed dolor.
3767 3510 1886 185 Etincidunt ipsum dolor ipsum sed modi etincidunt amet.
3767 3716 1886 185 Tempora aliquam numquam magnam labore modi ut voluptatem.
3767 3922 1886 185 Dolorem dolorem sed dolore.
3767 4128 1886 185 Neque modi dolore voluptatem etincidunt.
3767 4334 1886 185 Tempora eius neque eius.
