<?xml version="1.0" encoding="UTF-8"?>
<alto xmlns:xsi="http://www.w3.org/2001/XMLSchema-instance" xmlns="http://www.loc.gov/standards/alto/ns-v4#" xsi:schemaLocation="http://www.loc.gov/standards/alto/ns-v4# http://www.loc.gov/standards/alto/v4/alto-4-4.xsd">
    <Description>
        <MeasurementUnit>pixel</MeasurementUnit>
        <sourceImageInformation>
            <fileName>A0068699_00021.jpg</fileName>
        </sourceImageInformation>
        <Processing ID="step1">
            <processingDateTime>2024-03-07T14:10:47.083787</processingDateTime>
            <processingStepDescription> </processingStepDescription>
            <processingStepSettings></processingStepSettings>
            <processingSoftware>
                <softwareCreator>unknown</softwareCreator>
                <softwareName>htrflow_core</softwareName>
                <softwareVersion>unknown</softwareVersion>
                <applicationDescription>unknown</applicationDescription>
            </processingSoftware>
        </Processing>
    </Description>
    <ReadingOrder>
        <OrderedGroup ID="ro">
            <OrderedGroup ID="ro_A0068699_00021_region0">
                <ElementRef ID="ro_A0068699_00021_region0_region0" REF="A0068699_00021_region0_region0" />
                <ElementRef ID="ro_A0068699_00021_region0_region1" REF="A0068699_00021_region0_region1" />
                <ElementRef ID="ro_A0068699_00021_region0_region2" REF="A0068699_00021_region0_region2" />
                <ElementRef ID="ro_A0068699_00021_region0_region3" REF="A0068699_00021_region0_region3" />
                <ElementRef ID="ro_A0068699_00021_region0_region4" REF="A0068699_00021_region0_region4" />
                <ElementRef ID="ro_A0068699_00021_region0_region5" REF="A0068699_00021_region0_region5" />
                <ElementRef ID="ro_A0068699_00021_region0_region6" REF="A0068699_00021_region0_region6" />
                <ElementRef ID="ro_A0068699_00021_region0_region7" REF="A0068699_00021_region0_region7" />
                <ElementRef ID="ro_A0068699_00021_region0_region8" REF="A0068699_00021_region0_region8" />
                <ElementRef ID="ro_A0068699_00021_region0_region9" REF="A0068699_00021_region0_region9" />
                <ElementRef ID="ro_A0068699_00021_region0_region10" REF="A0068699_00021_region0_region10" />
                <ElementRef ID="ro_A0068699_00021_region0_region11" REF="A0068699_00021_region0_region11" />
                <ElementRef ID="ro_A0068699_00021_region0_region12" REF="A0068699_00021_region0_region12" />
                <ElementRef ID="ro_A0068699_00021_region0_region13" REF="A0068699_00021_region0_region13" />
                <ElementRef ID="ro_A0068699_00021_region0_region14" REF="A0068699_00021_region0_region14" />
                <ElementRef ID="ro_A0068699_00021_region0_region15" REF="A0068699_00021_region0_region15" />
                <ElementRef ID="ro_A0068699_00021_region0_region16" REF="A0068699_00021_region0_region16" />
                <ElementRef ID="ro_A0068699_00021_region0_region17" REF="A0068699_00021_region0_region17" />
                <ElementRef ID="ro_A0068699_00021_region0_region18" REF="A0068699_00021_region0_region18" />
            </OrderedGroup>
            <OrderedGroup ID="ro_A0068699_00021_region1">
                <ElementRef ID="ro_A0068699_00021_region1_region0" REF="A0068699_00021_region1_region0" />
                <ElementRef ID="ro_A0068699_00021_region1_region1" REF="A0068699_00021_region1_region1" />
                <ElementRef ID="ro_A0068699_00021_region1_region2" REF="A0068699_00021_region1_region2" />
                <ElementRef ID="ro_A0068699_00021_region1_region3" REF="A0068699_00021_region1_region3" />
                <ElementRef ID="ro_A0068699_00021_region1_region4" REF="A0068699_00021_region1_region4" />
                <ElementRef ID="ro_A0068699_00021_region1_region5" REF="A0068699_00021_region1_region5" />
                <ElementRef ID="ro_A0068699_00021_region1_region6" REF="A0068699_00021_region1_region6" />
                <ElementRef ID="ro_A0068699_00021_region1_region7" REF="A0068699_00021_region1_region7" />
                <ElementRef ID="ro_A0068699_00021_region1_region8" REF="A0068699_00021_region1_region8" />
                <ElementRef ID="ro_A0068699_00021_region1_region9" REF="A0068699_00021_region1_region9" />
                <ElementRef ID="ro_A0068699_00021_region1_region10" REF="A0068699_00021_region1_region10" />
                <ElementRef ID="ro_A0068699_00021_region1_region11" REF="A0068699_00021_region1_region11" />
                <ElementRef ID="ro_A0068699_00021_region1_region12" REF="A0068699_00021_region1_region12" />
                <ElementRef ID="ro_A0068699_00021_region1_region13" REF="A0068699_00021_region1_region13" />
                <ElementRef ID="ro_A0068699_00021_region1_region14" REF="A0068699_00021_region1_region14" />
                <ElementRef ID="ro_A0068699_00021_region1_region15" REF="A0068699_00021_region1_region15" />
                <ElementRef ID="ro_A0068699_00021_region1_region16" REF="A0068699_00021_region1_region16" />
                <ElementRef ID="ro_A0068699_00021_region1_region17" REF="A0068699_00021_region1_region17" />
                <ElementRef ID="ro_A0068699_00021_region1_region18" REF="A0068699_00021_region1_region18" />
            </OrderedGroup>
        </OrderedGroup>
    </ReadingOrder>
    <Layout>
        <Page WIDTH="6312" HEIGHT="5168" PHYSICAL_IMG_NR="0" ID="A0068699_00021">
            <TopMargin />
            <LeftMargin />
            <RightMargin />
            <BottomMargin />
            <PrintSpace>
                <TextBlock ID="A0068699_00021_region0" HPOS="526" VPOS="526" HEIGHT="4116" WIDTH="2104">
                    <Shape>
                        <Polygon POINTS="526,526 526,4642 2630,4642 2630,526"/>
                    </Shape>
                        <TextLine ID="A0068699_00021_region0_region0"  HPOS="631" VPOS="628" HEIGHT="184" WIDTH="1894">
                            <String CONTENT="Ut dolorem labore dolore consectetur."/>
                        </TextLine>
                        <TextLine ID="A0068699_00021_region0_region1"  HPOS="631" VPOS="833" HEIGHT="184" WIDTH="1894">
                            <String CONTENT="Est labore dolor est."/>
                        </TextLine>
                        <TextLine ID="A0068699_00021_region0_region2"  HPOS="631" VPOS="1038" HEIGHT="184" WIDTH="1894">
                            <String CONTENT="Neque eius adipisci amet voluptatem consectetur."/>
                        </TextLine>
                        <TextLine ID="A0068699_00021_region0_region3"  HPOS="631" VPOS="1243" HEIGHT="184" WIDTH="1894">
                            <String CONTENT="Voluptatem magnam voluptatem labore sed dolore voluptatem."/>
                        </TextLine>
                        <TextLine ID="A0068699_00021_region0_region4"  HPOS="631" VPOS="1448" HEIGHT="184" WIDTH="1894">
                            <String CONTENT="Dolore ut magnam voluptatem etincidunt amet adipisci."/>
                        </TextLine>
                        <TextLine ID="A0068699_00021_region0_region5"  HPOS="631" VPOS="1653" HEIGHT="184" WIDTH="1894">
                            <String CONTENT="Etincidunt etincidunt quiquia porro velit."/>
                        </TextLine>
                        <TextLine ID="A0068699_00021_region0_region6"  HPOS="631" VPOS="1858" HEIGHT="184" WIDTH="1894">
                            <String CONTENT="Etincidunt etincidunt dolorem modi dolorem."/>
                        </TextLine>
                        <TextLine ID="A0068699_00021_region0_region7"  HPOS="631" VPOS="2063" HEIGHT="184" WIDTH="1894">
                            <String CONTENT="Neque quaerat dolorem magnam."/>
                        </TextLine>
                        <TextLine ID="A0068699_00021_region0_region8"  HPOS="631" VPOS="2268" HEIGHT="184" WIDTH="1894">
                            <String CONTENT="Sed aliquam dolor quisquam numquam."/>
                        </TextLine>
                        <TextLine ID="A0068699_00021_region0_region9"  HPOS="631" VPOS="2473" HEIGHT="184" WIDTH="1894">
                            <String CONTENT="Velit tempora non quiquia magnam ipsum sed."/>
                        </TextLine>
                        <TextLine ID="A0068699_00021_region0_region10"  HPOS="631" VPOS="2678" HEIGHT="184" WIDTH="1894">
                            <String CONTENT="Dolor sed velit quisquam dolor."/>
                        </TextLine>
                        <TextLine ID="A0068699_00021_region0_region11"  HPOS="631" VPOS="2883" HEIGHT="184" WIDTH="1894">
                            <String CONTENT="Amet adipisci quaerat quiquia sit dolor numquam ut."/>
                        </TextLine>
                        <TextLine ID="A0068699_00021_region0_region12"  HPOS="631" VPOS="3088" HEIGHT="184" WIDTH="1894">
                            <String CONTENT="Etincidunt velit ut neque labore quisquam."/>
                        </TextLine>
                        <TextLine ID="A0068699_00021_region0_region13"  HPOS="631" VPOS="3293" HEIGHT="184" WIDTH="1894">
                            <String CONTENT="Aliquam labore aliquam quaerat consectetur."/>
                        </TextLine>
                        <TextLine ID="A0068699_00021_region0_region14"  HPOS="631" VPOS="3498" HEIGHT="184" WIDTH="1894">
                            <String CONTENT="Ut non numquam ut."/>
                        </TextLine>
                        <TextLine ID="A0068699_00021_region0_region15"  HPOS="631" VPOS="3703" HEIGHT="184" WIDTH="1894">
                            <String CONTENT="Ipsum sed non dolore eius consectetur."/>
                        </TextLine>
                        <TextLine ID="A0068699_00021_region0_region16"  HPOS="631" VPOS="3908" HEIGHT="184" WIDTH="1894">
                            <String CONTENT="Sed sed magnam tempora velit."/>
                        </TextLine>
                        <TextLine ID="A0068699_00021_region0_region17"  HPOS="631" VPOS="4113" HEIGHT="184" WIDTH="1894">
                            <String CONTENT="Numquam quisquam dolore ut non."/>
                        </TextLine>
                        <TextLine ID="A0068699_00021_region0_region18"  HPOS="631" VPOS="4318" HEIGHT="184" WIDTH="1894">
                            <String CONTENT="Sit amet ipsum neque neque adipisci consectetur."/>
                        </TextLine>
                </TextBlock>
                
                <TextBlock ID="A0068699_00021_region1" HPOS="3682" VPOS="526" HEIGHT="4116" WIDTH="2104">
                    <Shape>
                        <Polygon POINTS="3682,526 3682,4642 5786,4642 5786,526"/>
                    </Shape>
                        <TextLine ID="A0068699_00021_region1_region0"  HPOS="3787" VPOS="628" HEIGHT="184" WIDTH="1894">
                            <String CONTENT="Ipsum ut eius sit porro sit."/>
                        </TextLine>
                        <TextLine ID="A0068699_00021_region1_region1"  HPOS="3787" VPOS="833" HEIGHT="184" WIDTH="1894">
                            <String CONTENT="Dolorem voluptatem sed voluptatem non modi quisquam."/>
                        </TextLine>
                        <TextLine ID="A0068699_00021_region1_region2"  HPOS="3787" VPOS="1038" HEIGHT="184" WIDTH="1894">
                            <String CONTENT="Sed amet labore dolorem velit aliquam."/>
                        </TextLine>
                        <TextLine ID="A0068699_00021_region1_region3"  HPOS="3787" VPOS="1243" HEIGHT="184" WIDTH="1894">
                            <String CONTENT="Sit non amet velit dolorem dolore labore."/>
                        </TextLine>
                        <TextLine ID="A0068699_00021_region1_region4"  HPOS="3787" VPOS="1448" HEIGHT="184" WIDTH="1894">
                            <String CONTENT="Dolorem amet amet modi voluptatem."/>
                        </TextLine>
                        <TextLine ID="A0068699_00021_region1_region5"  HPOS="3787" VPOS="1653" HEIGHT="184" WIDTH="1894">
                            <String CONTENT="Neque sit aliquam modi aliquam consectetur etincidunt."/>
                        </TextLine>
                        <TextLine ID="A0068699_00021_region1_region6"  HPOS="3787" VPOS="1858" HEIGHT="184" WIDTH="1894">
                            <String CONTENT="Neque magnam numquam ipsum."/>
                        </TextLine>
                        <TextLine ID="A0068699_00021_region1_region7"  HPOS="3787" VPOS="2063" HEIGHT="184" WIDTH="1894">
                            <String CONTENT="Quiquia non voluptatem dolor."/>
                        </TextLine>
                        <TextLine ID="A0068699_00021_region1_region8"  HPOS="3787" VPOS="2268" HEIGHT="184" WIDTH="1894">
                            <String CONTENT="Porro eius etincidunt ut dolore dolorem neque."/>
                        </TextLine>
                        <TextLine ID="A0068699_00021_region1_region9"  HPOS="3787" VPOS="2473" HEIGHT="184" WIDTH="1894">
                            <String CONTENT="Amet quisquam magnam neque consectetur quiquia."/>
                        </TextLine>
                        <TextLine ID="A0068699_00021_region1_region10"  HPOS="3787" VPOS="2678" HEIGHT="184" WIDTH="1894">
                            <String CONTENT="Velit numquam neque sed quiquia est quiquia."/>
                        </TextLine>
                        <TextLine ID="A0068699_00021_region1_region11"  HPOS="3787" VPOS="2883" HEIGHT="184" WIDTH="1894">
                            <String CONTENT="Quaerat magnam porro amet."/>
                        </TextLine>
                        <TextLine ID="A0068699_00021_region1_region12"  HPOS="3787" VPOS="3088" HEIGHT="184" WIDTH="1894">
                            <String CONTENT="Modi dolor dolore neque est quiquia."/>
                        </TextLine>
                        <TextLine ID="A0068699_00021_region1_region13"  HPOS="3787" VPOS="3293" HEIGHT="184" WIDTH="1894">
                            <String CONTENT="Ut dolorem quiquia neque adipisci dolore."/>
                        </TextLine>
                        <TextLine ID="A0068699_00021_region1_region14"  HPOS="3787" VPOS="3498" HEIGHT="184" WIDTH="1894">
                            <String CONTENT="Aliquam labore dolorem amet dolore."/>
                        </TextLine>
                        <TextLine ID="A0068699_00021_region1_region15"  HPOS="3787" VPOS="3703" HEIGHT="184" WIDTH="1894">
                            <String CONTENT="Dolor eius sed etincidunt dolore neque ut."/>
                        </TextLine>
                        <TextLine ID="A0068699_00021_region1_region16"  HPOS="3787" VPOS="3908" HEIGHT="184" WIDTH="1894">
                            <String CONTENT="Tempora quiquia dolore quaerat dolor dolorem eius."/>
                        </TextLine>
                        <TextLine ID="A0068699_00021_region1_region17"  HPOS="3787" VPOS="4113" HEIGHT="184" WIDTH="1894">
                            <String CONTENT="Dolore numquam dolore eius non."/>
                        </TextLine>
                        <TextLine ID="A0068699_00021_region1_region18"  HPOS="3787" VPOS="4318" HEIGHT="184" WIDTH="1894">
                            <String CONTENT="Sit amet velit est est porro etincidunt."/>
                        </TextLine>
                </TextBlock>
                
            </PrintSpace>
        </Page>
    </Layout>
</alto>