6280 5104
627 624 1886 181 Consectetur voluptatem aliquam magnam porro porro.
627 826 1886 181 Dolor ipsum porro ipsum sit.
627 1028 1886 181 Ipsum tempora neque consectetur.
627 1230 1886 181 Quaerat non est non voluptatem aliquam ut.
627 1432 1886 181 Quisquam velit sed quiquia voluptatem non numquam sed.
627 1634 1886 181 Tempora voluptatem amet non sed.
627 1836 1886 181 Adipisci labore eius magnam porro numquam.
627 2038 1886 181 Dolore dolor porro neque magnam ut neque.
627 2240 1886 181 Modi quisquam modi adipisci consectetur quiquia.
627 2442 1886 181 Magnam amet porro sit quisquam magnam adipisci ipsum.
627 2644 1886 181 Sit sed dolor labore.
627 2846 1886 181 Ut numquam magnam porro.
627 3048 1886 181 Modi aliquam tempora dolor neque sed adipisci.
627 3250 1886 181 Numquam numquam porro dolor ipsum numquam.
627 3452 1886 181 Quaerat ipsum amet est numquam.
627 3654 1886 181 Quaerat eius amet quiquia ipsum amet.
627 3856 1886 181 Dolor velit non non tempora magnam ut adipisci.
627 4058 1886 181 Dolor quiquia quisquam adipisci velit velit quiquia quiquia.
627 4260 1886 181 Ipsum labore dolorem ut neque ipsum velit.
3767 624 1886 181 Consectetur est numquam voluptatem quiquia ipsum.
3767 826 1886 181 Magnam etincidunt consectetur neque quaerat ut sit ipsum.
3767 1028 1886 181 Modi sed non tempora.
3767 1230 1886 181 Numquam quiquia ut etincidunt sit quaerat adipisci.
3767 1432 1886 181 Est etincidunt dolore modi.
3767 1634 1886 181 Dolore ut tempora numquam voluptatem dolorem etincidunt non.
3767 1836 1886 181 Numquam amet quisquam magnam modi.
3767 2038 1886 181 Dolorem dolorem eius aliquam eius.
3767 2240 1886 181 Eius tempora modi sit.
3767 2442 1886 181 Tempora labore velit dolor.
3767 2644 1886 181 Consectetur neque labore porro quiquia.
3767 2846 1886 181 Quaerat sed ipsum tempora.
3767 3048 1886 181 Ipsum aliquam consectetur dolor.
3767 3250 1886 181 Sed magnam aliquam aliquam dolor.
3767 3452 1886 181 Sed dolor amet sed adipisci etincidunt.
3767 3654 1886 181 Voluptatem aliquam aliquam porro amet.
3767 3856 1886 181 Modi aliquam quiquia etincidunt labore.
3767 4058 1886 181 Tempora dolore quiquia ipsum neque consectetur tempora.
3767 4260 1886 181 Tempora labore modi ut non.
